%%%%%%%%%%%%%%%%%%%%%%%%%%%%%%%%%%%%%%%%%%%%%%%%%%%%%%%%
% Templates (no 'at' sign)
%%%%%%%%%%%%%%%%%%%%%%%%%%%%%%%%%%%%%%%%%%%%%%%%%%%%%%%%
book{PBRT,
    author = "Matt Pharr, Wenze Jakob, Greg Humphreys",
    title = "Phisically based rendering",
    publisher = "Morgan Kaufman publishers",
    year = "2017",
    pages = "1233",
    language = "english",
    address = "Санкт-Петербург"
}
article{TPaths,
    author = "Фролов В. А., Игнатенко А. В.",
    title = "Фотореалистичная визуализация с помощью трассировки путей на графических процессорах",
    journal = "Новые информационные технологии в автоматизированных системах",
    year = "2010",
    volume = "13",
    pages = "149--150",
    language = "russian"
}
misc{AMD_CPU,
    title = "Процессор AMD Ryzen™ 5 4600H [Электронный ресурс]",
    howpublished = "Режим доступа:\newline URL -- \url{https://www.amd.com/ru/products/apu/amd-ryzen-5-4600h}",
    note = "\newline (Дата обращения: 22.03.23)"
}
%%%%%%%%%%%%%%%%%%%%%%%%%%%%%%%%%%%%%%%%%%%%%%%%%%%%%%%%

misc{AMD_CPU,
    title = "Процессор AMD Ryzen™ 5 4600H [Электронный ресурс]",
    howpublished = "Режим доступа:\newline URL -- \url{https://www.amd.com/ru/products/apu/amd-ryzen-5-4600h}",
    note = "\newline (Дата обращения: \today)"
}

@misc{Arch,
    title = "Arch Linux [Электронный ресурс]",
    howpublished = "Режим доступа: URL --\newline\url{https://archlinux.org/}",
    note = "(Дата обращения: \today)"
}

@misc{Linux,
    title = "Linux -- Getting Started [Электронный ресурс]",
    howpublished = "Режим доступа:\newline URL -- \url{https://linux.org}",
    note = "(Дата обращения: \today)"
}

@misc{LinuxKernel6127,
    title = "index : kernel/git/stable/linux.git [Электронный ресурс]",
    howpublished = "Режим доступа:\newline URL -- \url{https://git.kernel.org/pub/scm/linux/kernel/git/stable/linux.git/tree/?h=v6.12.7}",
    note = "(Дата обращения: \today)"
}

@misc{rfc4506,
    series =    {Request for Comments},
    number =    4506,
    howpublished =  {RFC 4506},
    publisher = {RFC Editor},
    doi =       {10.17487/RFC4506},
    url =       {https://www.rfc-editor.org/info/rfc4506},
    author =    {Mike Eisler},
    title =     {{XDR: External Data Representation Standard}},
    pagetotal = 27,
    year =      2006,
    month =     may,
    abstract =  {This document describes the External Data Representation Standard (XDR) protocol as it is currently deployed and accepted. This document obsoletes RFC 1832. {[}STANDARDS-TRACK{]}},
}

@misc{rfc5531,
    series =    {Request for Comments},
    number =    5531,
    howpublished =  {RFC 5531},
    publisher = {RFC Editor},
    doi =       {10.17487/RFC5531},
    url =       {https://www.rfc-editor.org/info/rfc5531},
    author =    {Robert Thurlow},
    title =     {{RPC: Remote Procedure Call Protocol Specification Version 2}},
    pagetotal = 63,
    year =      2009,
    month =     may,
    abstract =  {This document describes the Open Network Computing (ONC) Remote Procedure Call (RPC) version 2 protocol as it is currently deployed and accepted. This document obsoletes RFC 1831. {[}STANDARDS-TRACK{]}},
}

@misc{rfc7530,
    series =    {Request for Comments},
    number =    7530,
    howpublished =  {RFC 7530},
    publisher = {RFC Editor},
    doi =       {10.17487/RFC7530},
    url =       {https://www.rfc-editor.org/info/rfc7530},
    author =    {Thomas Haynes and David Noveck},
    title =     {{Network File System (NFS) Version 4 Protocol}},
    pagetotal = 323,
    year =      2015,
    month =     mar,
    abstract =  {The Network File System (NFS) version 4 protocol is a distributed file system protocol that builds on the heritage of NFS protocol version 2 (RFC 1094) and version 3 (RFC 1813). Unlike earlier versions, the NFS version 4 protocol supports traditional file access while integrating support for file locking and the MOUNT protocol. In addition, support for strong security (and its negotiation), COMPOUND operations, client caching, and internationalization has been added. Of course, attention has been applied to making NFS version 4 operate well in an Internet environment. This document, together with the companion External Data Representation (XDR) description document, RFC 7531, obsoletes RFC 3530 as the definition of the NFS version 4 protocol.},
}

